<?xml version="1.0" encoding="UTF-8"?><collection xmlns="http://www.loc.gov/MARC21/slim"><record><leader>00448nam--2200169-i-4500</leader><controlfield tag="001">000044950</controlfield><controlfield tag="002">20161230</controlfield><controlfield tag="005">20161230201044</controlfield><controlfield tag="008">060222s1000------------r-----000-0-rus-d</controlfield><datafield ind1=" " ind2=" " tag="040"><subfield code="a">IFIN-HH</subfield></datafield><datafield ind1=" " ind2=" " tag="041"><subfield code="a">rus</subfield></datafield><datafield ind1=" " ind2=" " tag="080"><subfield code="a">537.84</subfield></datafield><datafield ind1="1" ind2=" " tag="110"><subfield code="a">Akademiia Nauk SSSR</subfield></datafield><datafield ind1="1" ind2="0" tag="245"><subfield code="a">Magnito-gidrodinamiceskoe preobrazovanie energii</subfield><subfield code="b">Fiziko-tehniceskie aspekti</subfield></datafield><datafield ind1=" " ind2=" " tag="260"><subfield code="a">Moskva</subfield><subfield code="b">Nauka</subfield><subfield code="c">1983</subfield></datafield><datafield ind1=" " ind2=" " tag="852"><subfield code="a">70985</subfield><subfield code="c">533.7</subfield></datafield><datafield ind1=" " ind2=" " tag="CAT"><subfield code="a">Sys</subfield><subfield code="c">20100930</subfield><subfield code="h">154357</subfield></datafield></record></collection>